<collection xmlns="http://www.loc.gov/MARC21/slim">
<record>
  <leader>00735nam0a22001811i 450 </leader>
  <controlfield tag="001">IT\ICCU\CNCE\047840</controlfield>
  <controlfield tag="005">19990426000000.0</controlfield>
  <datafield tag="100" ind1=" " ind2=" ">
    <subfield code="a">19990304d1571        0itac0103    ba</subfield>
  </datafield>
  <datafield tag="101" ind1=" " ind2=" ">
    <subfield code="a">LAT</subfield>
  </datafield>
  <datafield tag="102" ind1=" " ind2=" ">
    <subfield code="a">IT</subfield>
  </datafield>
  <datafield tag="200" ind1="1" ind2=" ">
    <subfield code="a">Consiliorum seu potius Responsorum Mariani Socini ac Bartholomaei filii senensium ... volumen primum \-quartum!</subfield>
  </datafield>
  <datafield tag="210" ind1=" " ind2=" ">
    <subfield code="a">Venetiis</subfield>
    <subfield code="c">apud Guerreos fratres &amp; socios</subfield>
    <subfield code="d">1571</subfield>
  </datafield>
  <datafield tag="215" ind1=" " ind2=" ">
    <subfield code="a">4 v.</subfield>
    <subfield code="d">4ʻ</subfield>
  </datafield>
  <datafield tag="620" ind1=" " ind2=" ">
    <subfield code="a">IT</subfield>
    <subfield code="d">Venezia</subfield>
  </datafield>
  <datafield tag="712" ind1="0" ind2="0">
    <subfield code="a">Guerra, Domenico &amp; Guerra, Giovanni Battista</subfield>
    <subfield code="3">IT\ICCU\CNCT\000155</subfield>
    <subfield code="4">650</subfield>
  </datafield>
  <datafield tag="791" ind1="0" ind2="2">
    <subfield code="a">Guerraei fratres</subfield>
    <subfield code="3">IT\ICCU\CNCT\005074</subfield>
    <subfield code="z">Guerra, Domenico &amp; Guerra, Giovanni Battista</subfield>
  </datafield>
  <datafield tag="791" ind1="0" ind2="2">
    <subfield code="a">Guerri</subfield>
    <subfield code="3">IT\ICCU\CNCT\005076</subfield>
    <subfield code="z">Guerra, Domenico &amp; Guerra, Giovanni Battista</subfield>
  </datafield>
  <datafield tag="801" ind1=" " ind2="3">
    <subfield code="a">IT</subfield>
    <subfield code="b">ICCU</subfield>
    <subfield code="c">20201115</subfield>
  </datafield>
</record>
</collection>
